<?xml version="1.0" encoding="UTF-8"?><collection xmlns="http://www.loc.gov/MARC21/slim"><record><leader>00479nam--2200181-i-4500</leader><controlfield tag="001">000034121</controlfield><controlfield tag="002">20161230</controlfield><controlfield tag="005">20161230201039</controlfield><controlfield tag="008">060222s1000------------r-----000-0-fre-d</controlfield><datafield ind1=" " ind2=" " tag="040"><subfield code="a">IFIN-HH</subfield></datafield><datafield ind1=" " ind2=" " tag="041"><subfield code="a">fre</subfield></datafield><datafield ind1=" " ind2=" " tag="080"><subfield code="a">539.143.5</subfield></datafield><datafield ind1="1" ind2=" " tag="100"><subfield code="a">Motchane, Jean-loup</subfield></datafield><datafield ind1="1" ind2="0" tag="245"><subfield code="a">Nouvel effet de polarisation nucleaire</subfield><subfield code="b">These</subfield><subfield code="c">Jean-loup motchane</subfield></datafield><datafield ind1=" " ind2=" " tag="260"><subfield code="a">Paris</subfield><subfield code="b">Faculte Des Sciences</subfield><subfield code="c">1962</subfield></datafield><datafield ind1=" " ind2=" " tag="300"><subfield code="a">37P</subfield></datafield><datafield ind1=" " ind2=" " tag="852"><subfield code="a">19132</subfield><subfield code="c">539.143.43</subfield></datafield><datafield ind1=" " ind2=" " tag="CAT"><subfield code="a">Sys</subfield><subfield code="c">20120419</subfield><subfield code="h">102349</subfield></datafield></record></collection>